<?xml version="1.0" encoding="UTF-8"?><collection xmlns="http://www.loc.gov/MARC21/slim"><record><leader>00301nam--2200121-i-4500</leader><controlfield tag="001">000048354</controlfield><controlfield tag="002">20161230</controlfield><controlfield tag="005">20161230201046</controlfield><controlfield tag="008">060222s1000------------r-----000-0-eng-d</controlfield><datafield ind1=" " ind2=" " tag="100"><subfield code="a">Zeleny,A</subfield></datafield><datafield ind1=" " ind2=" " tag="245"><subfield code="a">Elements of electricity</subfield></datafield><datafield ind1=" " ind2=" " tag="260"><subfield code="a">New York, London, Mcgraw Hill, 1935. Xxvi + 526 P</subfield></datafield><datafield ind1=" " ind2=" " tag="852"><subfield code="a">1057</subfield></datafield></record></collection>